@book{kernighan1988c,
  title     = {The C Programming Language},
  author    = {Kernighan, Brian W. and Ritchie, Dennis M.},
  year      = {1988},
  publisher = {Prentice Hall},
  address   = {Englewood Cliffs, NJ},
  edition   = {2nd}
}

@book{deitel2016c,
  title     = {C How to Program},
  author    = {Deitel, Paul J. and Deitel, Harvey M.},
  year      = {2016},
  publisher = {Pearson},
  address   = {Boston},
  edition   = {8th}
}